<?xml version="1.0" encoding="UTF-8"?><collection><record><leader>02172ntm a2200373 a 4500</leader><controlfield tag="001">002601801</controlfield><controlfield tag="003">MiAaHDL</controlfield><controlfield tag="005">20190719000000.0</controlfield><controlfield tag="006">m        d        </controlfield><controlfield tag="007">cr bn ---auaua</controlfield><controlfield tag="008">930310s1637    xx            00||  ara d</controlfield><datafield tag="035" ind1=" " ind2=" "><subfield code="a">(MiU)002601801</subfield></datafield><datafield tag="035" ind1=" " ind2=" "><subfield code="a">sdr-miu002601801</subfield></datafield><datafield tag="035" ind1=" " ind2=" "><subfield code="a">(OCoLC)34365879</subfield></datafield><datafield tag="035" ind1=" " ind2=" "><subfield code="a">(RLIN)MIUH93-A41</subfield></datafield><datafield tag="040" ind1=" " ind2=" "><subfield code="a">MiU</subfield><subfield code="c">MiU</subfield><subfield code="e">appm</subfield><subfield code="d">MiU</subfield></datafield><datafield tag="100" ind1="1" ind2=" "><subfield code="6">880-01</subfield><subfield code="a">Sāmūlī, ʻAbd al-Majīd al-Hindī.</subfield></datafield><datafield tag="245" ind1="1" ind2="0"><subfield code="6">880-02</subfield><subfield code="a">Risālah fī ʻilm al-qabbān :</subfield><subfield code="k">manuscript,</subfield><subfield code="f">[1637].</subfield></datafield><datafield tag="300" ind1=" " ind2=" "><subfield code="a">1</subfield><subfield code="f">v. ([46] p.) ;</subfield><subfield code="c">25 cm.</subfield></datafield><datafield tag="500" ind1=" " ind2=" "><subfield code="a">Watermark: Andrea Galvani of Pordenone. See Edward Heawood, Watermarks, Mainly of the 17th and 18th Centuries (Hilversum, 1950), p. 36 and no. 860.</subfield></datafield><datafield tag="500" ind1=" " ind2=" "><subfield code="a">Contains a table showing the relationships between qirāṭs, dirhams, and uqqahs.</subfield></datafield><datafield tag="500" ind1=" " ind2=" "><subfield code="a">Text and table rubricated; kurrāsahs numbered 6-8.</subfield></datafield><datafield tag="500" ind1=" " ind2=" "><subfield code="a">Date and copyist's name in colophon on p. [12]: najaza naskhahā fī yawm al-thulāthā ḥādī ʻashar Ṣafar al-khayr ʻām 1047 [i.e. 5 July 1637] ʻalá yad ʻAbd al-Raḥmān ibn Muḥammad Walī al-Dīn al-Birlisī[?] al-Shāfiʻī....</subfield></datafield><datafield tag="510" ind1="4" ind2=" "><subfield code="a">GAL,</subfield><subfield code="c">Suppl. I, p. 1018; King, Survey, p. 104</subfield></datafield><datafield tag="520" ind1=" " ind2=" "><subfield code="a">On the conversion of weights and measures; probably once bound with other works; copy defective (unknown number of pages missing before p. [1] and between pp. [2-3], [14-15], and [27-28]).</subfield></datafield><datafield tag="530" ind1=" " ind2=" "><subfield code="a">Microfilm available in repository.</subfield></datafield><datafield tag="538" ind1=" " ind2=" "><subfield code="a">Mode of access: Internet.</subfield></datafield><datafield tag="541" ind1=" " ind2=" "><subfield code="d">07/--/36</subfield><subfield code="3">Manuscript</subfield><subfield code="a">McGregor Fund</subfield><subfield code="c">Purchase, 1933/34</subfield></datafield><datafield tag="561" ind1=" " ind2=" "><subfield code="a">Purchased in Cairo, 1933/34. Owner's mark: on cover, manuscript notes in handwriting of Max Meyerhof.</subfield></datafield><datafield tag="650" ind1=" " ind2="0"><subfield code="a">Weights and measures, Arab</subfield><subfield code="y">Early works to 1800.</subfield></datafield><datafield tag="650" ind1=" " ind2="0"><subfield code="a">Manuscripts, Arabic</subfield><subfield code="z">Michigan</subfield><subfield code="z">Ann Arbor.</subfield></datafield><datafield tag="700" ind1="1" ind2=" "><subfield code="a">Meyerhof, Max,</subfield><subfield code="d">1874-1945,</subfield><subfield code="e">former owner.</subfield></datafield><datafield tag="773" ind1="0" ind2=" "><subfield code="7">unbc</subfield><subfield code="a">Tracy W. McGregor Collection of Arabic, Persian, and Turkish Mathematical and Astronomical Manuscripts.</subfield><subfield code="w">(CStRLIN)MIUH92-A20.</subfield></datafield><datafield tag="880" ind1="1" ind2="0"><subfield code="6">245-02/</subfield><subfield code="a">رسالة في علم القبان :</subfield><subfield code="k">manuscript،</subfield><subfield code="f">[1637].</subfield></datafield><datafield tag="880" ind1="0" ind2=" "><subfield code="6">100-01/</subfield><subfield code="a">عبد المجيد الهندي السامولي.</subfield></datafield><datafield tag="CID" ind1=" " ind2=" "><subfield code="a">002601801</subfield></datafield><datafield tag="DAT" ind1="0" ind2=" "><subfield code="a">20190719102632.0</subfield><subfield code="b">20190719000000.0</subfield></datafield><datafield tag="DAT" ind1="1" ind2=" "><subfield code="a">20190719090653.0</subfield><subfield code="b">2019-07-19T16:10:40Z</subfield></datafield><datafield tag="DAT" ind1="2" ind2=" "><subfield code="a">2015-10-02T18:00:03Z</subfield></datafield><datafield tag="CAT" ind1=" " ind2=" "><subfield code="a">SDR-MIU</subfield><subfield code="d">EX LIBRIS - ALEPH</subfield><subfield code="l">prepare.pl-004-008</subfield></datafield><datafield tag="FMT" ind1=" " ind2=" "><subfield code="a">BK</subfield></datafield><datafield tag="HOL" ind1=" " ind2=" "><subfield code="0">sdr-miu002601801</subfield><subfield code="a">MiU</subfield><subfield code="b">SDR</subfield><subfield code="c">MIU</subfield><subfield code="p">mdp.39015081447537</subfield><subfield code="s">MIU</subfield><subfield code="1">002601801</subfield></datafield><datafield tag="974" ind1=" " ind2=" "><subfield code="b">MIU</subfield><subfield code="c">MIU</subfield><subfield code="d">20190719</subfield><subfield code="s">lit-dlps-dc</subfield><subfield code="u">mdp.39015081447537</subfield><subfield code="y">1637</subfield><subfield code="r">pd</subfield><subfield code="q">bib</subfield><subfield code="t">non-US bib date1 &lt; 1896</subfield></datafield></record></collection>